@ARTICLE{6499235,
  author={Shepp, L. A. and Logan, B. F.},
  journal={IEEE Transactions on Nuclear Science}, 
  title={The Fourier reconstruction of a head section}, 
  year={1974},
  volume={21},
  number={3},
  pages={21-43},
  doi={10.1109/TNS.1974.6499235}}
